<?xml version="1.0" encoding="UTF-8" ?>
<record Numero="13916597" format="InterXMarc_Complet" type="Authority">
<leader>01140c0 au22000272  45  <Pos Code="0004">01140</Pos>
<Pos Code="05" Sens="notice modifiée">c</Pos>
<Pos Code="06" Sens="notice validée par les services d&apos;autorité">0</Pos>
<Pos Code="08" Sens="notice d&apos;autorité">a</Pos>
<Pos Code="09" Sens="titre uniforme musical (TUM)">u</Pos>
<Pos Code="10">2</Pos>
<Pos Code="11">2</Pos>
<Pos Code="1216">00027</Pos>
<Pos Code="17" Sens="autres cas">2</Pos>
<Pos Code="20">4</Pos>
<Pos Code="21">5</Pos>
</leader>
<controlfield tag="001">FRBNF139165978<Pos Code="0001">FR</Pos>
<Pos Code="0204">BNF</Pos>
<Pos Code="0512">13916597</Pos>
<Pos Code="13">8</Pos>
</controlfield>
<controlfield tag="008">890821150206yyrus op        1872      1880                   010 <Pos Code="0001">89</Pos>
<Pos Code="0203">08</Pos>
<Pos Code="0405">21</Pos>
<Pos Code="0607">15</Pos>
<Pos Code="0809">02</Pos>
<Pos Code="1011">06</Pos>
<Pos Code="1213" Sens="ne s&apos;applique pas">yy</Pos>
<Pos Code="1416" Sens="russe">rus</Pos>
<Pos Code="1820" Sens="opéra [drame lyrique => opéra, melodramma => opéra]">op </Pos>
<Pos Code="2831">1872</Pos>
<Pos Code="3841">1880</Pos>
<Pos Code="61" Sens="La vedette peut être liée à une notice bibliographique pour les accès signalétiques et/ou pour l&apos;accès matière RAMEAU">0</Pos>
<Pos Code="62" Sens="La vedette ne peut s&apos;employer qu&apos;en tête de vedette">1</Pos>
<Pos Code="63" Sens="La vedette n&apos;admet pas de subdivision géographique">0</Pos>
</controlfield>
<datafield tag="048" ind1=" " ind2=" ">
	<subfield code="a">va02<Pos Code="0001" Sens="voix - soprano">va</Pos>
<Pos Code="02">0</Pos>
<Pos Code="03">2</Pos>
</subfield>
	<subfield code="a">vb01<Pos Code="0001" Sens="voix - mezzo-soprano">vb</Pos>
<Pos Code="02">0</Pos>
<Pos Code="03">1</Pos>
</subfield>
	<subfield code="a">vd04<Pos Code="0001" Sens="voix - ténor">vd</Pos>
<Pos Code="02">0</Pos>
<Pos Code="03">4</Pos>
</subfield>
	<subfield code="a">ve03<Pos Code="0001" Sens="voix - baryton">ve</Pos>
<Pos Code="02">0</Pos>
<Pos Code="03">3</Pos>
</subfield>
	<subfield code="a">vf03<Pos Code="0001" Sens="voix - basse">vf</Pos>
<Pos Code="02">0</Pos>
<Pos Code="03">3</Pos>
</subfield>
	<subfield code="a">cn01<Pos Code="0001" Sens="choeurs - non spécifié">cn</Pos>
<Pos Code="02">0</Pos>
<Pos Code="03">1</Pos>
</subfield>
	<subfield code="a">oa01<Pos Code="0001" Sens="orchestre - orchestre symphonique XIXe-XXe s.">oa</Pos>
<Pos Code="02">0</Pos>
<Pos Code="03">1</Pos>
</subfield>
</datafield>
<datafield tag="100" ind1=" " ind2=" ">
	<subfield code="3">13897765</subfield>
	<subfield code="w"> 0  ba....</subfield>
	<subfield code="a">Musorgskij</subfield>
	<subfield code="m">Modest Petrovič</subfield>
	<subfield code="d">1839-1881</subfield>
</datafield>
<datafield tag="144" ind1="1" ind2=" ">
	<subfield code="w">....barus.</subfield>
	<subfield code="a">Hovanscina</subfield>
</datafield>
<datafield tag="444" ind1="1" ind2=" ">
	<subfield code="w">....burus.</subfield>
	<subfield code="a">Khovantchina</subfield>
</datafield>
<datafield tag="444" ind1="1" ind2=" ">
	<subfield code="w">....burus.</subfield>
	<subfield code="a">Khovanchtchina</subfield>
</datafield>
<datafield tag="600" ind1=" " ind2=" ">
	<subfield code="a">Drame musical populaire en 4 actes et 5 tableaux</subfield>
	<subfield code="a">Livret de Stassof</subfield>
	<subfield code="a">Terminé et orchestré par Rimsky-Korsakov</subfield>
	<subfield code="a">1re représentation : Saint-Pétersbourg, 21 février 1886</subfield>
	<subfield code="a">1re représentation en France (en langue russe) : Paris, Théâtre des champs-Elysées, 5 juin 1913</subfield>
	<subfield code="a">1re représentation à l&apos;Opéra de Paris : 13 avril 1923</subfield>
</datafield>
<datafield tag="608" ind1=" " ind2=" ">
	<subfield code="b">Susanna, Emma (sopranos)</subfield>
	<subfield code="b">Marfa (mezzo)</subfield>
	<subfield code="b">Andreï Khovansky, Vassily Golitsine, Kouzka, l&apos;écrivain public (ténors)</subfield>
	<subfield code="b">Chaklovity, Varsonofiev, Strechniev (barytons)</subfield>
	<subfield code="b">Ivan Khovansky, Dosifeï, Pastor (basses)</subfield>
</datafield>
<datafield tag="610" ind1=" " ind2=" ">
	<subfield code="a">Wolff, Opéra Garnier</subfield>
</datafield>
<datafield tag="610" ind1=" " ind2=" ">
	<subfield code="a">Grove opera</subfield>
</datafield>
<datafield tag="624" ind1=" " ind2=" ">
	<subfield code="a">780<Pos Code="0002" Sens="Musique">780</Pos>
</subfield>
</datafield>
<datafield tag="907" ind1=" " ind2=" ">
	<subfield code="o">GEA</subfield>
	<subfield code="a">005921866</subfield>
</datafield>
<datafield tag="917" ind1=" " ind2=" ">
	<subfield code="o">OPD</subfield>
	<subfield code="a">100412220</subfield>
	<subfield code="b">ATUM</subfield>
</datafield>
<datafield tag="917" ind1=" " ind2=" ">
	<subfield code="o">OPL</subfield>
	<subfield code="a">010951996</subfield>
</datafield>
<datafield tag="917" ind1=" " ind2=" ">
	<subfield code="o">OPC</subfield>
	<subfield code="a">100461510</subfield>
</datafield>
<datafield tag="917" ind1=" " ind2=" ">
	<subfield code="o">OPD</subfield>
	<subfield code="a">100412220</subfield>
	<subfield code="b">ATUM</subfield>
</datafield>
<datafield tag="996" ind1=" " ind2=" ">
	<subfield code="o">OPP</subfield>
	<subfield code="a">16303407</subfield>
	<subfield code="d">20150206</subfield>
</datafield>
<datafield tag="996" ind1=" " ind2=" ">
	<subfield code="o">OPP</subfield>
	<subfield code="a">13867347</subfield>
	<subfield code="d">20150206</subfield>
</datafield>
<datafield tag="996" ind1=" " ind2=" ">
	<subfield code="o">OPP</subfield>
	<subfield code="a">14815170</subfield>
	<subfield code="d">20150206</subfield>
</datafield>
<Alter Ori="13897765">
<datafield tag="100" ind1=" " ind2=" ">
	<subfield code="w">.0..c.rus.</subfield>
	<subfield code="a">Мусоргский</subfield>
	<subfield code="m">Модест Петрович</subfield>
	<subfield code="d">1839-1881</subfield>
</datafield>
<datafield tag="400" ind1=" " ind2=" ">
	<subfield code="w"> 1  bx....</subfield>
	<subfield code="a">Mousorgski</subfield>
	<subfield code="m">Modest Petrovitch</subfield>
	<subfield code="d">1839-1881</subfield>
</datafield>
<datafield tag="400" ind1=" " ind2=" ">
	<subfield code="w">. . b.....</subfield>
	<subfield code="a">Moussorgsky</subfield>
	<subfield code="m">Modest Petrovitch</subfield>
	<subfield code="d">1839-1881</subfield>
</datafield>
<datafield tag="400" ind1=" " ind2=" ">
	<subfield code="w">    b     </subfield>
	<subfield code="a">Moussorgskiǐ</subfield>
	<subfield code="m">Modeste Petrovitch</subfield>
	<subfield code="d">1839-1881</subfield>
</datafield>
<datafield tag="400" ind1=" " ind2=" ">
	<subfield code="w">    b     </subfield>
	<subfield code="a">Mousorgskiĭ</subfield>
	<subfield code="m">Modest Petrovitch</subfield>
	<subfield code="d">1839-1881</subfield>
</datafield>
<datafield tag="400" ind1=" " ind2=" ">
	<subfield code="w">. . b.....</subfield>
	<subfield code="a">Moussorgski</subfield>
	<subfield code="m">Modeste</subfield>
	<subfield code="d">1839-1881</subfield>
</datafield>
<datafield tag="400" ind1=" " ind2=" ">
	<subfield code="w">    bu    </subfield>
	<subfield code="a">Moussorgsky</subfield>
	<subfield code="m">Modeste</subfield>
	<subfield code="d">1839-1881</subfield>
</datafield>
<datafield tag="400" ind1=" " ind2=" ">
	<subfield code="w">    bu    </subfield>
	<subfield code="a">Mussorgsky</subfield>
	<subfield code="m">Modest Petrovich</subfield>
	<subfield code="d">1839-1881</subfield>
</datafield>
<datafield tag="031" ind1=" " ind2=" ">
	<subfield code="a">0000000120180000</subfield>
	<subfield code="2" Sens="ISNI chargé à partir de VIAF">VIAF</subfield>
	<subfield code="d">20130731<Pos Code="0003">2013</Pos>
<Pos Code="0407" Sens="31 juillet">0731</Pos>
</subfield>
</datafield>
</Alter>
<Attr Nom="IDPerenne">ark:/12148/cb13916597c</Attr>
<Attr Nom="NumSource">GEA 005921866</Attr>
<Attr Nom="Source" Sens="BnF catalogue général (depuis 1999)">A</Attr>
<Attr Nom="NumAutoriteLiee">13897765</Attr>
<Attr Nom="DateCreation">21/08/ 1989</Attr>
<Attr Nom="ResponsableCreation">MIGV2</Attr>
<Attr Nom="StructCreation">1</Attr>
<Attr Nom="DateDerniereValidation">06/02/ 2015</Attr>
<Attr Nom="ResponsableDerniereValidation">SERRES CATHERINE</Attr>
<Attr Nom="StructPremiereValidation">1</Attr>
<Attr Nom="DatePremiereValidation">21/08/ 1989</Attr>
<Attr Nom="ResponsablePremiereValidation">MIGV2</Attr>
<Attr Nom="StructDerniereValidation">82</Attr>
<Attr Nom="NumSource" Rep="1">OPD 100412220</Attr>
<Attr Nom="NumSource" Rep="2">OPL 010951996</Attr>
<Attr Nom="NumSource" Rep="3">OPC 100461510</Attr>
<Attr Nom="NumSource" Rep="4">OPD 100412220</Attr>
<Attr Nom="NumSource" Rep="5">OPP 16303407</Attr>
<Attr Nom="NumSource" Rep="6">OPP 13867347</Attr>
<Attr Nom="NumSource" Rep="7">OPP 14815170</Attr>
</record>
